@article{readme,
  title = {readme},
}

@book{ProtocolDesign,
 author = {Holzmann, Gerard J.},
 title = {Design and validation of computer protocols},
 year = {1991},
 isbn = {0-13-539925-4},
 publisher = {Prentice-Hall, Inc.},
 address = {Upper Saddle River, NJ, USA},
}

@misc{NigoriDraft,
  author = {Ben Laurie},
  title = {Nigori: Storing Secrets in the Cloud},
  year = {2010},
  url = {https://www.cl.cam.ac.uk/~drt24/nigori/nigori-overview.pdf},
}

@misc{NigoriRFC,
  author = {Ben Laurie, Daniel Thomas, Alastair Beresford},
  title = {RFC: "Nigori: Storing Secrets in the Cloud"},
  url = {https://code.google.com/p/nigori/source/browse/doc/nigori-protocol.xml},
}

@misc{RFC5218,
  title = {RFC5218: What Makes for a Successful Protocol?},
  url = {http://tools.ietf.org/html/rfc5218},
}
